@Manual{compositionsR,
  title = {compositions: Compositional Data Analysis},
  author = {K. Gerald {van den Boogaart} and Raimon Tolosana and Matevz Bren},
  year = {2014},
  note = {R package version 1.40-1},
  url = {https://CRAN.R-project.org/package=compositions},
}
@Manual{bayesplotR,
  title = {bayesplot: Plotting for Bayesian Models},
  author = {Jonah Gabry and Tristan Mahr},
  year = {2018},
  note = {R package version 1.5.0},
  url = {https://CRAN.R-project.org/package=bayesplot},
}
@Manual{geosphereR,
  title = {geosphere: Spherical Trigonometry},
  author = {Robert J. Hijmans},
  year = {2017},
  note = {R package version 1.5-7},
  url = {https://CRAN.R-project.org/package=geosphere},
}
@Misc{rstanR,
  title = {{RStan}: the {R} interface to {Stan}},
  author = {{Stan Development Team}},
  note = {R package version 2.17.3},
  year = {2018},
  url = {http://mc-stan.org/},
}
@Article{looR,
  title = {Practical Bayesian model evaluation using leave-one-out cross-validation and WAIC},
  author = {Aki Vehtari and Andrew Gelman and Jonah Gabry},
  year = {2016},
  journal = {Statistics and Computing},
  doi = {10.1007/s11222-016-9696-4},
}
@Manual{tidyverseR,
  title = {tidyverse: Easily Install and Load the 'Tidyverse'},
  author = {Hadley Wickham},
  year = {2017},
  note = {R package version 1.2.1},
  url = {https://CRAN.R-project.org/package=tidyverse},
}
